<record xmlns="http://www.loc.gov/MARC21/slim" xmlns:xsi="http://www.w3.org/2001/XMLSchema-instance" xsi:schemaLocation="http://www.loc.gov/MARC21/slim http://www.loc.gov/standards/marcxml/schema/MARC21slim.xsd"><leader>01643nam a2200349   4500</leader><controlfield tag="001">001470027</controlfield><controlfield tag="003">NNU</controlfield><controlfield tag="006">m        d        </controlfield><controlfield tag="007">cr cn |||m|||a</controlfield><controlfield tag="008">150222s1964    ir      ob    000 0 ara d</controlfield><datafield ind1=" " ind2=" " tag="040"><subfield code="a">NNU</subfield><subfield code="b">eng</subfield><subfield code="c">NNU</subfield></datafield><datafield ind1="1" ind2=" " tag="041"><subfield code="a">ara</subfield><subfield code="a">per</subfield></datafield><datafield ind1=" " ind2=" " tag="066"><subfield code="c">(3</subfield><subfield code="c">(4</subfield></datafield><datafield ind1=" " ind2=" " tag="090"><subfield code="a">PJ7765.H38</subfield><subfield code="b">Z72 1964</subfield></datafield><datafield ind1="1" ind2=" " tag="100"><subfield code="6">880-01</subfield><subfield code="a">&#7716;ar&#299;rch&#299;, F&#299;r&#363;z.</subfield></datafield><datafield ind1="1" ind2="0" tag="245"><subfield code="6">880-02</subfield><subfield code="a">Dir&#257;sah waj&#299;zah &#7717;awla ash&#699;&#257;r H&#257;tif al-&#699;Arab&#299;yah</subfield><subfield code="h">[electronic resource] :</subfield><subfield code="b">dir&#257;sah wa-ta&#7779;&#7717;&#299;&#7717; al-ash&#699;&#257;r /</subfield><subfield code="c">li-F&#299;r&#363;z &#7716;ar&#299;rch&#299;.</subfield></datafield><datafield ind1=" " ind2=" " tag="260"><subfield code="6">880-03</subfield><subfield code="a">&#7788;ihr&#257;n :</subfield><subfield code="b">Maktabat &#7788;ah&#363;r&#299;,</subfield><subfield code="c">[1964?]</subfield></datafield><datafield ind1=" " ind2=" " tag="300"><subfield code="a">online resource (75 p.)</subfield></datafield><datafield ind1=" " ind2=" " tag="500"><subfield code="a">Introd. in Persian.</subfield></datafield><datafield ind1=" " ind2=" " tag="500"><subfield code="a">Part of the Arabic Collections Online (ACO) project, contributed by New York Univeristy Libraries.</subfield></datafield><datafield ind1=" " ind2=" " tag="504"><subfield code="a">Includes bibliographical references (p. 74-75).</subfield></datafield><datafield ind1=" " ind2=" " tag="533"><subfield code="a">Electronic reproduction.</subfield><subfield code="b">New York, N.Y. :</subfield><subfield code="c">New York University,</subfield><subfield code="d">2015.</subfield><subfield code="5">NNU</subfield></datafield><datafield ind1="1" ind2="0" tag="600"><subfield code="a">H&#257;tif, Sayyid A&#7717;mad,</subfield><subfield code="d">d. 1783 or 4.</subfield></datafield><datafield ind1="2" ind2=" " tag="710"><subfield code="a">New York University.</subfield><subfield code="b">Libraries.</subfield></datafield><datafield ind1="0" ind2=" " tag="730"><subfield code="a">Arabic Collections Online.</subfield></datafield><datafield ind1="0" ind2="8" tag="776"><subfield code="i">Print version:</subfield><subfield code="a">&#7716;ar&#299;rch&#299;, F&#299;r&#363;z.</subfield><subfield code="t">Dir&#257;sah waj&#299;zah &#7717;awla ash&#699;&#257;r H&#257;tif al-&#699;Arab&#299;yah</subfield><subfield code="w">(NNU)001470027</subfield></datafield><datafield ind1="4" ind2="0" tag="856"><subfield code="u">http://hdl.handle.net/2333.1/7h44j2sz</subfield></datafield><datafield ind1="1" ind2=" " tag="880"><subfield code="6">100-01/</subfield><subfield code="a">&#1581;&#1585;&#1610;&#1585;&#1670;&#1609;&#1548; &#1601;&#1610;&#1585;&#1608;&#1586;.</subfield></datafield><datafield ind1="1" ind2="0" tag="880"><subfield code="6">245-02/</subfield><subfield code="a">&#1583;&#1585;&#1575;&#1587;&#1577; &#1608;&#1580;&#1610;&#1586;&#1577; &#1581;&#1608;&#1604; &#1575;&#1588;&#1593;&#1575;&#1585; &#1607;&#1575;&#1578;&#1601; &#1575;&#1604;&#1593;&#1585;&#1576;&#1610;&#1577; :</subfield><subfield code="b">&#1583;&#1585;&#1575;&#1587;&#1577; &#1608;&#1578;&#1589;&#1581;&#1610;&#1581; &#1575;&#1604;&#1575;&#1588;&#1593;&#1575;&#1585; /</subfield><subfield code="c">&#1604;&#1601;&#1610;&#1585;&#1608;&#1586; &#1581;&#1585;&#1610;&#1585;&#1670;&#1609;.</subfield></datafield><datafield ind1=" " ind2=" " tag="880"><subfield code="6">260-03/</subfield><subfield code="a">&#1591;&#1607;&#1585;&#1575;&#1606; :</subfield><subfield code="b">&#1605;&#1603;&#1578;&#1576;&#1577; &#1591;&#1607;&#1608;&#1585;&#1609;&#1548;</subfield><subfield code="c">[1964?]</subfield></datafield><datafield ind1=" " ind2=" " tag="959"><subfield code="a">NNU</subfield><subfield code="b">WEB</subfield><subfield code="c">GENI</subfield><subfield code="t">0</subfield><subfield code="m">Electronic access</subfield><subfield code="s">01</subfield></datafield><datafield ind1=" " ind2=" " tag="999"><subfield code="i">NNU_001470027</subfield><subfield code="s">nyu_aco000382</subfield></datafield></record>